<?xml version="1.0" encoding="UTF-8"?><collection xmlns="http://www.loc.gov/MARC21/slim"><record><leader>00640nam--2200181-i-4500</leader><controlfield tag="001">000001075</controlfield><controlfield tag="002">20161230</controlfield><controlfield tag="005">20161230201024</controlfield><controlfield tag="008">060222s1000------------r-----000-0-fre-d</controlfield><datafield ind1=" " ind2=" " tag="040"><subfield code="a">IFIN-HH</subfield></datafield><datafield ind1=" " ind2=" " tag="041"><subfield code="a">fre</subfield></datafield><datafield ind1=" " ind2=" " tag="080"><subfield code="a">538.971:536.7:543.544(043)</subfield></datafield><datafield ind1="1" ind2=" " tag="100"><subfield code="a">Gonnord, Marie-france</subfield></datafield><datafield ind1="1" ind2="0" tag="245"><subfield code="a">Determination chromatographique d'isothermes d'adsorption de vapeurs organiques sur des surfaces homogenes. comparaison avec les resultats de thermodynamique statistique</subfield><subfield code="b">These</subfield><subfield code="c">Marie-france gonnord</subfield></datafield><datafield ind1=" " ind2=" " tag="260"><subfield code="a">Paris</subfield><subfield code="b">Universite Pierre Et Marie Curie</subfield><subfield code="c">1976</subfield></datafield><datafield ind1=" " ind2=" " tag="300"><subfield code="a">150 P</subfield></datafield><datafield ind1=" " ind2=" " tag="852"><subfield code="a">44864</subfield><subfield code="c">536.7</subfield></datafield><datafield ind1=" " ind2=" " tag="CAT"><subfield code="a">Sys</subfield><subfield code="c">20110524</subfield><subfield code="h">153405</subfield></datafield></record></collection>